<record><leader>00000cas a22000007a 4500</leader><controlfield tag="001">36913703</controlfield><controlfield tag="008">970515d19972004ctubr ne      0    0eng d</controlfield><datafield ind1=" " ind2=" " tag="010"><subfield code="a">sn 97060909 </subfield></datafield><datafield ind1=" " ind2=" " tag="040"><subfield code="a">CNW</subfield><subfield code="b">eng</subfield><subfield code="c">CNW</subfield><subfield code="d">OCLCQ</subfield><subfield code="d">CZL</subfield><subfield code="d">OCLCF</subfield></datafield><datafield ind1="1" ind2=" " tag="029"><subfield code="a">AU@</subfield><subfield code="b">000013250966</subfield></datafield><datafield ind1=" " ind2=" " tag="042"><subfield code="a">msc</subfield></datafield><datafield ind1="1" ind2="4" tag="050"><subfield code="a">AN104.B96</subfield><subfield code="b">P67</subfield></datafield><datafield ind1="0" ind2="4" tag="245"><subfield code="a">The Farmington Valley post.</subfield></datafield><datafield ind1=" " ind2=" " tag="260"><subfield code="a">Unionville, CT :</subfield><subfield code="b">Burlington Post</subfield></datafield><datafield ind1=" " ind2=" " tag="300"><subfield code="a">v. :</subfield><subfield code="b">ill. ;</subfield><subfield code="c">44 cm.</subfield></datafield><datafield ind1=" " ind2=" " tag="310"><subfield code="a">Bimonthly &lt;Dec. 7, 2000&gt;-Sept. 16, 2004.</subfield></datafield><datafield ind1=" " ind2=" " tag="321"><subfield code="a">Monthly</subfield></datafield><datafield ind1="0" ind2=" " tag="362"><subfield code="a">Vol. 8, no. 1 (Jan. 1997)-</subfield></datafield><datafield ind1="1" ind2=" " tag="362"><subfield code="a">Ceased publication in Sept. 16 2004?</subfield></datafield><datafield ind1=" " ind2=" " tag="500"><subfield code="a">Published in Avon, Conn., Apr. 1997-Jan. 10, 2002 and Bristol, Conn. Jan. 24, 2002-Sept. 16, 2004.</subfield></datafield><datafield ind1=" " ind2=" " tag="588"><subfield code="a">Last issue consulted: Vol. 15, no.19 (Sept. 16, 2004).</subfield></datafield><datafield ind1=" " ind2="0" tag="651"><subfield code="a">Burlington (Conn.)</subfield><subfield code="v">Newspapers.</subfield></datafield><datafield ind1=" " ind2="0" tag="651"><subfield code="a">Unionville (Conn.)</subfield><subfield code="v">Newspapers.</subfield></datafield><datafield ind1=" " ind2="0" tag="651"><subfield code="a">Farmington (Conn.)</subfield><subfield code="v">Newspapers.</subfield></datafield><datafield ind1=" " ind2="0" tag="651"><subfield code="a">Avon (Conn.)</subfield><subfield code="v">Newspapers.</subfield></datafield><datafield ind1=" " ind2="7" tag="655"><subfield code="a">Newspapers.</subfield><subfield code="2">fast</subfield><subfield code="0">(OCoLC)fst01423814</subfield></datafield><datafield ind1=" " ind2="7" tag="651"><subfield code="a">Connecticut</subfield><subfield code="z">Avon.</subfield><subfield code="2">fast</subfield><subfield code="0">(OCoLC)fst01260726</subfield></datafield><datafield ind1=" " ind2="7" tag="651"><subfield code="a">Connecticut</subfield><subfield code="z">Burlington.</subfield><subfield code="2">fast</subfield><subfield code="0">(OCoLC)fst01924556</subfield></datafield><datafield ind1=" " ind2="7" tag="651"><subfield code="a">Connecticut</subfield><subfield code="z">Farmington.</subfield><subfield code="2">fast</subfield><subfield code="0">(OCoLC)fst01212105</subfield></datafield><datafield ind1=" " ind2="7" tag="651"><subfield code="a">Connecticut</subfield><subfield code="z">Unionville.</subfield><subfield code="2">fast</subfield><subfield code="0">(OCoLC)fst01247875</subfield></datafield><datafield ind1=" " ind2=" " tag="752"><subfield code="a">United States</subfield><subfield code="b">Connecticut</subfield><subfield code="c">Hartford</subfield><subfield code="d">Avon.</subfield></datafield><datafield ind1=" " ind2=" " tag="752"><subfield code="a">United States</subfield><subfield code="b">Connecticut</subfield><subfield code="c">Hartford</subfield><subfield code="d">Bristol.</subfield></datafield><datafield ind1=" " ind2=" " tag="752"><subfield code="a">United States</subfield><subfield code="b">Connecticut</subfield><subfield code="c">Hartford</subfield><subfield code="d">Unionville.</subfield></datafield><datafield ind1="0" ind2="0" tag="780"><subfield code="t">Post (Unionville, Conn.)</subfield><subfield code="w">(DLC)sn 96066481</subfield><subfield code="w">(OCoLC)35095368</subfield></datafield><datafield ind1="0" ind2="0" tag="785"><subfield code="t">Farmington post  (Bristol, Conn.)</subfield><subfield code="w">(OCoLC)554795348</subfield></datafield></record>